@article {cleancatalog,
    AUTHOR = {Adrianov, N. M. and Amburg, N. Ya. and Dr\"{e}mov, V. A. and
              Kochetkov, Yu. Yu. and Kre\u{\i}nes, E. M. and Levitskaya, Yu. A.
              and Nasretdinova, V. F. and Shabat, G. B.},
     TITLE = {A catalogue of {B}ely\u{\i} functions of dessins d'enfants with at
              most four edges},
   JOURNAL = {Fundam. Prikl. Mat.},
  FJOURNAL = {Fundamental\cprime naya i Prikladnaya Matematika},
    VOLUME = {13},
      YEAR = {2007},
    NUMBER = {6},
     PAGES = {35--112},
      ISSN = {1560-5159},
   MRCLASS = {14H57 (05C25)},
  MRNUMBER = {2476028},
MRREVIEWER = {Vasily A. Chernecky},
       DOI = {10.1007/s10958-009-9373-7},
       URL = {https://doi-org.dartmouth.idm.oclc.org/10.1007/s10958-009-9373-7},
}
@article {weightedtrees,
    AUTHOR = {Adrianov, N. M. and Zvonkin, A. K.},
     TITLE = {Weighted trees with primitive edge rotation groups},
   JOURNAL = {Fundam. Prikl. Mat.},
  FJOURNAL = {Fundamental\cprime naya i Prikladnaya Matematika},
    VOLUME = {18},
      YEAR = {2013},
    NUMBER = {6},
     PAGES = {5--50},
      ISSN = {1560-5159},
   MRCLASS = {11G32 (05C07 05C10 05C22 14H57)},
  MRNUMBER = {3431854},
       DOI = {10.1007/s10958-015-2494-2},
       URL = {https://doi-org.dartmouth.idm.oclc.org/10.1007/s10958-015-2494-2},
}
@inproceedings {shabatpolys,
    AUTHOR = {B\'{e}tr\'{e}ma, Jean and Zvonkin, Alexander},
     TITLE = {Plane trees and {S}habat polynomials},
 BOOKTITLE = {Proceedings of the 5th {C}onference on {F}ormal {P}ower
              {S}eries and {A}lgebraic {C}ombinatorics ({F}lorence, 1993)},
   JOURNAL = {Discrete Math.},
  FJOURNAL = {Discrete Mathematics},
    VOLUME = {153},
      YEAR = {1996},
    NUMBER = {1-3},
     PAGES = {47--58},
      ISSN = {0012-365X},
   MRCLASS = {05C05},
  MRNUMBER = {1394945},
MRREVIEWER = {Vagn Lundsgaard Hansen},
       DOI = {10.1016/0012-365X(95)00127-I},
       URL = {https://doi-org.dartmouth.idm.oclc.org/10.1016/0012-365X(95)00127-I},
}
@incollection {SV,
    AUTHOR = {Sijsling, J. and Voight, J.},
     TITLE = {On computing {B}elyi maps},
 BOOKTITLE = {Num\'{e}ro consacr\'{e} au trimestre ``{M}\'{e}thodes arithm\'{e}tiques et
              applications'', automne 2013},
    SERIES = {Publ. Math. Besan\c{c}on Alg\`ebre Th\'{e}orie Nr.},
    VOLUME = {2014/1},
     PAGES = {73--131},
 PUBLISHER = {Presses Univ. Franche-Comt\'{e}, Besan\c{c}on},
      YEAR = {2014},
   MRCLASS = {11G32 (11Y40 14H57)},
  MRNUMBER = {3362631},
MRREVIEWER = {Ariyan Javanpeykar},
}
@article {KMSV,
    AUTHOR = {Klug, Michael and Musty, Michael and Schiavone, Sam and
              Voight, John},
     TITLE = {Numerical calculation of three-point branched covers of the
              projective line},
   JOURNAL = {LMS J. Comput. Math.},
  FJOURNAL = {LMS Journal of Computation and Mathematics},
    VOLUME = {17},
      YEAR = {2014},
    NUMBER = {1},
     PAGES = {379--430},
      ISSN = {1461-1570},
   MRCLASS = {30F10 (11G30 11G32 14H30 14H57 14Q05)},
  MRNUMBER = {3356040},
MRREVIEWER = {Makoto Masumoto},
       DOI = {10.1112/S1461157014000084},
       URL = {https://doi-org.dartmouth.idm.oclc.org/10.1112/S1461157014000084},
}
@inproceedings {belyidb,
    AUTHOR = {Musty, Michael and Schiavone, Sam and Sijsling, Jeroen and
              Voight, John},
     TITLE = {A database of {B}elyi maps},
 BOOKTITLE = {Proceedings of the {T}hirteenth {A}lgorithmic {N}umber
              {T}heory {S}ymposium},
    SERIES = {Open Book Ser.},
    VOLUME = {2},
     PAGES = {375--392},
 PUBLISHER = {Math. Sci. Publ., Berkeley, CA},
      YEAR = {2019},
   MRCLASS = {11G32 (11G30 14H57)},
  MRNUMBER = {3952023},
}
